

@INPROCEEDINGS{EthoHand,
    author={Konnaris, Charalambos and Gavriel, Constantinos and Thomik, Andreas A.C. and Faisal, A. Aldo},
    booktitle={2016 6th IEEE International Conference on Biomedical Robotics and Biomechatronics (BioRob)},
    title={EthoHand: A dexterous robotic hand with ball-joint thumb enables complex in-hand object manipulation},
    year={2016},
    volume={},
    number={},
    pages={1154-1159},
    doi={10.1109/BIOROB.2016.7523787}}

@misc{KTHhand,
    title={Robotic Hand Controlled by Glove Using Wireless Communication},
    author={Kazi, Mehnaz and Bill, Michelle},
    year={2020}
}

@book{digilar,
    author = {Kullander Sjöberg, Anna and Nilsson, Susanna and Boström, Lennart and Ekstig, Börje},
    title = {Fysik för gymnasieskolan 1 och 2 Digital},
    publisher = {Natur \& Kultur},
    year = {2019}
}

@misc{WienBridge,
    author       = {{Electronics Tutorials}},
    title        = {The Wien Bridge Oscillator},
    howpublished = {\url{https://www.electronics-tutorials.ws/oscillator/wien_bridge.html}},
    year         = {}
}

@misc{555_sine,
    author       = {{Learning about Electronics}},
    title        = {How to Build a Sine Wave Generator with a 555 Timer Chip},
    howpublished = {\url{http://www.learningaboutelectronics.com/Articles/Sine-wave-generator-circuit-with-a-555-timer.php}},
    year         = {}
}
